@online{AMD,
	author       = "{AMD}",
	title        = "{GPU} Specifications",
	howpublished = "Internet: \url{http://products.amd.com/en-us/graphiccardresult.aspx}",
	year         = "2014"
}

@online{WIKI,
	author       = "{Various Authors}",
	title        = "{AMD CrossfireX}",
	howpublished = "Internet: \url{http://en.wikipedia.org/wiki/AMD_CrossFireX}",
	year         = "2014"
}

@online{THW,
	author       = "Igor Wallossek and Greg Ryder",
	title        = "{Micro-Stuttering And GPU Scaling In CrossFire And SLI}",
	howpublished = "Internet: \url{http://en.wikipedia.org/wiki/AMD_CrossFireX}",
	year         = "2011",
	month        = "August",
	day          = 21
}

http://products.amd.com/en-us/graphiccardresult.aspx GPU specifications directly from AMD.

http://en.wikipedia.org/wiki/AMD_CrossFireX History and basic information

http://www.tomshardware.com/reviews/radeon-geforce-stutter-crossfire,2995-5.html Specific data on 
Crossfire and SLI performance.